2307 3297
748 280 848 342 ng
923 273 950 340 (
988 291 1021 328 0
1061 272 1087 344 )
1168 273 1264 337 ἓᾶ
1768 288 1799 330 9

217 384 298 437 hic
329 383 471 436 nobis
505 385 708 434 minime
741 379 1045 450 propositum
1076 380 1141 430 est
1169 395 1383 441 narrare,
1407 374 1536 446 quafi
1567 375 1747 446 aliquid
1770 391 1797 426 a

219 462 267 513 fi:
300 459 541 511 diversum
565 462 727 525 gignat
753 475 890 514 ranas
915 456 990 507 vel
1011 455 1143 525 quod
1165 453 1260 524 ipsa
1294 473 1321 505 e
1345 452 1466 504 limo
1483 468 1606 514 nata,
1638 449 1799 502 subito

219 535 457 606 prosiliat,
483 534 612 605 quali
633 552 775 585 mons
799 550 996 584 murem
1019 533 1181 598 pariat.
1260 535 1433 598 Neque
1467 545 1643 580 naturae
1665 527 1800 579 inde-

219 628 417 665 centem
433 610 600 662 locum
616 607 994 672 natalem,t1ubes
1005 607 1207 672 fingere,
1228 605 1357 673 apud
1370 609 1591 655 animum
1605 605 1672 656 est
1684 621 1802 655 con-

222 690 471 752 stitutum,
496 706 522 739 e
545 685 720 757 quibus
743 684 940 736 coelum
962 700 1098 733 ranas
1119 681 1301 750 pluere,
1331 678 1486 732 doetis
1518 679 1805 732 hominibus

223 764 498 834 persvasutn
512 761 617 825 suit,
640 777 687 812 et
706 759 977 822 subtilitate,
998 757 1226 810 sublimes
1251 775 1312 807 an
1324 753 1510 821 futileS,
1543 755 1713 808 (lodlos
1735 758 1807 807 vi-

223 858 331 904 1·08‚
358 845 562 891 Hieron.
597 836 903 901 Cardanutu,
936 853 986 887 et
1013 834 1103 897 Jul.
1125 834 1258 885 Caess
1293 831 1591 899 Scaligerum
1623 847 1808 884 certare

224 919 351 968 inter
371 916 417 967 se
442 932 542 966 non
576 913 750 984 puduit
767 955 781 979 ‚
817 931 876 964 an
897 915 1001 964 ovis
1034 913 1200 962 matris
1225 913 1275 961 in
1299 909 1485 961 nubem
1504 907 1700 960 sublatis
1725 925 1809 959 ex-

223 991 479 1044 eludantur
492 990 634 1043 coelo
657 1007 825 1055 ranae,
867 1007 925 1041 an
953 1007 1014 1040 ex
1042 1004 1165 1059 aqua
1199 985 1392 1054 genitali
1423 984 1619 1037 coelesti
1651 984 1811 1036 calore

230 1067 517 1121 condensata
535 1064 939 1136 conformataque
953 1062 1149 1133 pluant?
1165 1064 1250 1133 (y)
1289 1065 1469 1127 Dicite,
1482 1061 1676 1131 quaeso,
1691 1078 1811 1112 cum

229 1143 392 1195 volare
417 1158 687 1213 nequeant,
709 1144 793 1214 qui
817 1157 953 1194 tanto
979 1159 1042 1193 ex
1074 1139 1218 1192 coelo
1241 1143 1293 1191 in
1314 1137 1643 1205 terramsaltu,
1672 1153 1811 1190 crura

228 1236 334 1273 non
353 1214 664 1287 diffringant?

384 1392 478 1445 Sed
511 1410 685 1464 parum
722 1312 1064 1461 abfiiit,§qtiin
1097 1384 1400 1441 narrantibus
1432 1388 1582 1441 fidem
1617 1384 1818 1440 haberet

230 1468 532 1522 dofiiffimus
553 1468 679 1520 Rob.
704 1468 808 1519 Plot
832 1466 1025 1534 angluS,
1051 1465 1247 1535 quando
1279 1481 1524 1516 narrantes
1549 1463 1667 1516 alios
1686 1463 1818 1515 audi-

231 1549 319 1611 vit,
343 1549 392 1596 in
406 1545 674 1607 &affor-dia,
704 1543 956 1613 copiosam
990 1541 1135 1592 coelo
1185 1539 1427 1608 delapsam
1461 1539 1551 1593 effe
1591 1557 1819 1591 ranarum

231 1624 543 1691 progeniem,
567 1635 613 1672 et
624 1620 829 1671 Cardani
852 1634 942 1670 ova
967 1619 1132 1669 ranina
1155 1631 1305 1667 vento
1336 1614 1571 1668 subducta
1592 1615 1821 1667 admitte·

233 1712 308 1750 ret
330 1737 345 1761 ,
378 1695 463 1748 nifi
487 1694 686 1765 putasset
709 1699 862 1746 tutius
887 1696 938 1744 in
959 1691 1161 1761 pulvere
1196 1690 1541 1743 diverticulum
1566 1690 1685 1757 esse,
1734 1693 1822 1762 qui

233 1770 375 1826 tec‘lis
399 1772 645 1824 domuum
669 1771 946 1833 admei-em,
985 1767 1181 1838 pluviae
1205 1767 1389 1833 mistuS,
1404 1767 1567 1821 subito
1607 1771 1658 1819 in
1685 1784 1822 1819 ranas

236 1847 497 1900 conversus
520 1847 599 1910 fit,
622 1850 756 1911 cujus
779 1850 850 1898 rei
864 1843 1081 1896 fabulam
1094 1861 1238 1907 nova,
1259 1844 1552 1895 confirmare
1573 1840 1734 1894 fabula
1756 1842 1824 1894 la-

235 1921 390 1975 borat.
406 1923 486 1993 (z)
571 1927 628 1974 Et
640 1923 849 1974 Andrius
868 1921 950 1987 (a)
965 1918 1136 1989 pluere
1150 1934 1285 1971 ranas
1298 1959 1312 1983 ‚
1329 1916 1745 1987 peregrinantibus
1766 1918 1825 1969 fi-

238 1998 356 2058 dem
381 1997 607 2051 adhibuit
628 1996 966 2066 garrientibus,
1044 1997 1229 2049 Verum
1252 1994 1396 2048 coelo
1418 1994 1516 2047 labi
1539 2009 1707 2063 negat,
1745 1993 1824 2046 sed

237 2074 453 2146 procella
480 2077 581 2143 rapi
615 2092 783 2127 recens
807 2089 856 2126 et
877 2076 962 2124 vix
985 2074 1197 2141 integras
1222 2087 1357 2123 natas
1380 2091 1408 2124 e
1432 2070 1717 2141 paludibUS,
1754 2070 1824 2122 as-

239 2151 368 2217 serit,
392 2167 441 2202 et
465 2166 596 2202 tanta
620 2149 953 2202 foecunditate
968 2152 1143 2200 nutriri
1163 2146 1615 2216 pluviaealimmno,
1636 2161 1690 2197 ut
1716 2142 1828 2197 fun-

241 2244 423 2295 gorum
472 2243 614 2282 more
654 2225 929 2278 adolescant
953 2261 968 2288 ‚
1033 2241 1098 2276 eo
1130 2223 1244 2275 loco
1268 2261 1284 2288 ,
1344 2225 1396 2275 in
1444 2240 1598 2294 quem
1644 2221 1830 2275 delatae

233 2303 370 2357 sunt.

1252 2376 1293 2427 B
1414 2412 1424 2416 ,
1672 2374 1711 2444 §.
1735 2376 1835 2434 ΧΠ,

304 2509 372 2565 (y)
393 2508 472 2549 vid.
487 2508 633 2564 Scalig.
647 2507 697 2549 de
710 2505 843 2549 subtil.
868 2505 1093 2548 Exercitat:
1108 2517 1188 2560 323.

305 2568 365 2623 (z)
395 2565 571 2608 Natural
583 2565 740 2608 Histor.
761 2563 816 2608 of
829 2563 1123 2607 Staffordshire
1151 2578 1236 2620 cap.
1250 2577 1276 2606 1.
1289 2561 1324 2618 §.
1338 2577 1404 2619 47.
1421 2561 1499 2617 seq.
1522 2576 1562 2619 p.
1576 2576 1634 2615 23.

305 2626 367 2683 (a)
399 2623 518 2668 Dela
539 2623 798 2669 Generatiou
811 2624 883 2667 des
896 2637 988 2667 vers
1001 2623 1099 2668 dans
1112 2622 1170 2665 les
1191 2635 1314 2679 corps
1328 2621 1378 2665 de
1390 2619 1615 2681 rHomme
1631 2618 1710 2665 Ch.
1736 2633 1771 2664 2.
